<?xml version="1.0" encoding="UTF-8"?><record xmlns="http://www.loc.gov/MARC21/slim" xmlns:cinclude="http://apache.org/cocoon/include/1.0" xmlns:zs="http://www.loc.gov/zing/srw/">
  <leader>00413cz  a2200133n  4500</leader>
  <controlfield tag="001">n  86000021 </controlfield>
  <controlfield tag="003">DLC</controlfield>
  <controlfield tag="005">20080508075432.0</controlfield>
  <controlfield tag="008">860102n| acannaabn          |n aad      </controlfield>
  <datafield tag="010" ind1=" " ind2=" ">
    <subfield code="a">n  86000021 </subfield>
  </datafield>
  <datafield tag="035" ind1=" " ind2=" ">
    <subfield code="a">(OCoLC)oca01489742</subfield>
  </datafield>
  <datafield tag="040" ind1=" " ind2=" ">
    <subfield code="a">DLC</subfield>
    <subfield code="b">eng</subfield>
    <subfield code="c">DLC</subfield>
    <subfield code="d">OCoLC</subfield>
  </datafield>
  <datafield tag="100" ind1="1" ind2=" ">
    <subfield code="a">Sanders, Edith Green</subfield>
  </datafield>
  <datafield tag="670" ind1=" " ind2=" ">
    <subfield code="a">nuc85-81437: Her Black genealogy, 1978</subfield>
    <subfield code="b">(hdg. on WHi rept.: Sanders, Edith Green; usage: Edith Green Sanders)</subfield>
  </datafield>
</record>